@misc{donkeykong-sounds,
  author       = {{ClassicGaming.cc}},
  title        = {Donkey Kong - Sounds},
  year         = {2025},
  url          = {https://www.classicgaming.cc/classics/donkey-kong/sounds},
  howpublished = {Online resource},
  note         = {Archivio sonoro dei suoni originali dell'arcade Donkey Kong (Nintendo, 1981), utilizzato per integrare effetti sonori autentici nel progetto. Include salti, cadute, rumori ambientali e suoni di interazione.}
}

@misc{donkeykong-sprites,
  author       = {{The Spriters Resource}},
  title        = {Donkey Kong (Arcade) Sprites},
  year         = {2025},
  url          = {https://www.spriters-resource.com/arcade/dk/},
  howpublished = {Online sprite archive},
  note         = {Collezione completa degli sprite estratti dal gioco originale Donkey Kong. Utilizzati per ricostruire graficamente il gameplay e l'interfaccia in stile retro. Include animazioni di Mario, Donkey Kong, ostacoli e oggetti.}
}

@misc{pressstart2p-font,
  author       = {{Google Fonts}},
  title        = {Press Start 2P â€” Google Fonts},
  year         = {2025},
  url          = {https://fonts.google.com/specimen/Press+Start+2P},
  howpublished = {Font disponibile tramite Google Fonts},
  note         = {Font bitmap ispirato alla tipografia dei videogiochi arcade degli anni '80, usato per i testi e i punteggi nel progetto. Garantisce coerenza stilistica con l'estetica retro.}
}
